@book{collett2015,
author = {Collett, D.},
year = {2015},
month = {01},
pages = {1-521},
title = {Modelling survival data in medical research, third edition}
}
@article{loprinzi1994prospective,
  title={Prospective evaluation of prognostic variables from patient-completed questionnaires. North Central Cancer Treatment Group.},
  author={Loprinzi, Charles Lawrence and Laurie, John A and Wieand, H Sam and Krook, James E and Novotny, Paul J and Kugler, John W and Bartel, Joan and Law, Marlys and Bateman, Marilyn and Klatt, Nancy E},
  journal={Journal of Clinical Oncology},
  volume={12},
  number={3},
  pages={601--607},
  year={1994}
}
@book{johnson2007,
author = {Johnson, Richard and Wichern, Dean},
year = {2007},
month = {01},
title = {Applied multivariate statistical analysis}
}
